<record><leader>00000cas a2200000Ma 4500</leader><controlfield tag="001">173878650</controlfield><controlfield tag="007">hd afb---buca</controlfield><controlfield tag="008">920131d18241833njuwr nea     0    0eng  </controlfield><datafield ind1=" " ind2=" " tag="010"><subfield code="a">sn 84020597 </subfield></datafield><datafield ind1=" " ind2=" " tag="040"><subfield code="a">DLC</subfield><subfield code="b">eng</subfield><subfield code="c">NJR</subfield><subfield code="d">OCLCQ</subfield><subfield code="d">VA@</subfield><subfield code="d">OCLCF</subfield><subfield code="d">OCLCO</subfield></datafield><datafield ind1="0" ind2=" " tag="050"><subfield code="a">Newspaper 8768-X</subfield></datafield><datafield ind1="0" ind2="4" tag="245"><subfield code="a">The Village herald, and weekly advertiser</subfield><subfield code="h">[microform].</subfield></datafield><datafield ind1="3" ind2="0" tag="246"><subfield code="a">Village herald</subfield></datafield><datafield ind1=" " ind2=" " tag="260"><subfield code="a">Woodbury, N.J. :</subfield><subfield code="b">Joseph Sailer</subfield></datafield><datafield ind1=" " ind2=" " tag="300"><subfield code="a">v.</subfield></datafield><datafield ind1=" " ind2=" " tag="310"><subfield code="a">Weekly</subfield></datafield><datafield ind1="1" ind2=" " tag="362"><subfield code="a">Began with Sept. 15, 1824 issue; ceased with Feb. 20, 1833 issue.</subfield></datafield><datafield ind1=" " ind2=" " tag="500"><subfield code="a">Publishers: Philip J. Gray, 1824-1829; Joseph Sailer, 1829-1833.</subfield></datafield><datafield ind1=" " ind2=" " tag="530"><subfield code="a">Also issued on microfilm by Bell &amp; Howell Co.</subfield></datafield><datafield ind1=" " ind2=" " tag="588"><subfield code="a">Description based on: New ser. v. 1, no. 4 (Sept. 23, 1829).</subfield></datafield><datafield ind1=" " ind2="0" tag="651"><subfield code="a">Woodbury (N.J.)</subfield><subfield code="v">Newspapers.</subfield></datafield><datafield ind1=" " ind2="7" tag="655"><subfield code="a">Newspapers.</subfield><subfield code="2">fast</subfield><subfield code="0">(OCoLC)fst01423814</subfield></datafield><datafield ind1=" " ind2="7" tag="651"><subfield code="a">New Jersey</subfield><subfield code="z">Woodbury.</subfield><subfield code="2">fast</subfield><subfield code="0">(OCoLC)fst01209337</subfield></datafield><datafield ind1=" " ind2=" " tag="752"><subfield code="a">United States</subfield><subfield code="b">New Jersey</subfield><subfield code="c">Gloucester</subfield><subfield code="d">Woodbury.</subfield></datafield><datafield ind1="0" ind2="0" tag="780"><subfield code="t">Herald and Gloucester farmer and weekly advertiser</subfield><subfield code="w">(DLC)sn 87068082</subfield><subfield code="w">(OCoLC)15682963</subfield></datafield><datafield ind1="0" ind2="0" tag="785"><subfield code="t">Village herald. And Gloucester advertiser</subfield><subfield code="w">(DLC)sn 85035775</subfield><subfield code="w">(OCoLC)13242220</subfield></datafield></record>